@article{colorization,
author = {Yatziv, Liron and Sapiro, Guillermo},
issn = {10577149},
journal = {IEEE Trans. Image Process.},
keywords = {Chrominance blending,Colorization,Gradient,Interpolation,Intrinsic distance,Recolorization,Special effects},
pages = {1120--1129},
pmid = {16671293},
title = {Fast image and video colorization using chrominance blending},
volume = {15},
year = {2006}
}

@article{onfast,
author = {Bartesaghi, Alberto and Series, I M a Preprint and Hall, Vincent and E, Church Street S},
title = {Guillermo Sapiro INSTITUTE FOR MATHEMATICS AND ITS APPLICATIONS UNIVERSITY OF MINNESOTA 5c . PROGRAM ELEMENT NUMBER O ( N ) Implementation of the Fast Marching Algorithm},
year = {2005}
}

