@book{robotmodeling,
  title={Robot Modeling and Control},
  author={Spong, M.W. and Hutchinson, S. and Vidyasagar, M.},
  isbn={9781118078907},
  url={https://books.google.com.br/books?id=MJAxuQAACAAJ},
  year={2012},
  publisher={Wiley}
}
@book{de2012energy,
  title={Energy efficiency improvements in electric motors and drives},
  author={de Almeida, Anibal and Bertoldi, Paolo and Leonhard, Werner},
  year={2012},
  publisher={Springer Science \& Business Media}
}
@INPROCEEDINGS{energymotionplanning, 
author={Yongguo Mei and Yung-Hsiang Lu and Y. C. Hu and C. S. G. Lee}, 
booktitle={Robotics and Automation, 2004. Proceedings. ICRA '04. 2004 IEEE International Conference on}, 
title={Energy-efficient motion planning for mobile robots}, 
year={2004}, 
volume={5}, 
pages={4344-4349 Vol.5}, 
keywords={energy conservation;mobile robots;path planning;velocity control;energy consumption;energy efficient motion planning;linear transformation;mobile robot;wheel velocity;Acceleration;Communication system control;DC motors;Energy conservation;Energy consumption;Energy efficiency;Mobile robots;Motion planning;Orbital robotics;Velocity control}, 
doi={10.1109/ROBOT.2004.1302401}, 
ISSN={1050-4729}, 
month={April}
}
@ARTICLE{designoptimazation, 
author={W. Roozing and Z. Li and D. G. Caldwell and N. G. Tsagarakis}, 
journal={IEEE Robotics and Automation Letters}, 
title={Design Optimisation and Control of Compliant Actuation Arrangements in Articulated Robots for Improved Energy Efficiency}, 
year={2016}, 
volume={1}, 
number={2}, 
pages={1110-1117}, 
keywords={actuators;energy conservation;force control;robots;actuator design optimisation;articulated robots;asymmetric compliant actuation schemes;asymmetric compliant actuator;biarticulated actuation arrangements;compliant actuation arrangements;control concepts;electrical energy efficiency;electrical power requirements;energy efficient actuation;energy efficient operation;energy storage capacity;generalisation;multiDoF articulated robotic systems;peak torque;robotic leg;robotics research;Actuators;Damping;Energy storage;Muscles;Optimization;Robots;Torque;Compliant Joint/Mechanism;Force Control}, 
doi={10.1109/LRA.2016.2521926}, 
ISSN={2377-3766}, 
month={July}
}